%
% Citations under this filename (under the tanagra sourceid path) are available to any subject or project ID under tanagra.
%

@BOOK{
  taylor_joudrey_ooi_2018_4th,
    place={Santa Barbara, CA},
    edition={4},
    title={The Organization of Information},
    publisher={Libraries Unlimited, an imprint of ABC-CLIO, LLC},
    author={Taylor, Arlene G. and Joudrey, Daniel N.},
    year={2018},
    ISBN      = "9781598848588",
}